@proceedings{principale,
	Editor = {Gérard Menvu},
	Title  = {La sexualidad de Adán al Homo Technologicus},
	Year = {2011}
}
	
@inproceedings{clef1,
	Author = {Anne Onyme},
	Title = {La influencia de LaTeX sobre la reproducción de los seres humanos},
	crossref={principale}
	}

@inproceedings{clef2,
	Author = {Jean Séniste},
	Title = {¿El árbol del paraíso era un melocotonero?},
	crossref={principale}
	}
