@bookinbook{BrefHippone,
    Booktitle = {Concilia Africae},
    Entrysubtype = {concilio},
    Number = {149},
    Pages = {36},
    Pagination = {paragraph},
    Series = {Corpus Christianorum Series Latina},
    Title = {Breviarum Hipponense}}
