%% This BibTeX bibliography file was created using BibDesk.
%% http://bibdesk.sourceforge.net/


%% Created for Maïeul at 2015-11-18 10:12:44 +0100 


%% Saved with string encoding Unicode (UTF-8) 



@inbook{float_H,
	Crossref = {float},
	Date-Added = {2015-02-24 09:54:33 +0000},
	Date-Modified = {2015-11-18 09:12:43 +0000},
	Title = {The User Interface --- [H] Placement Specifier}}

@article{Mittelbach2014,
	Author = {Frank Mittelbach},
	Date-Added = {2015-02-24 09:46:58 +0000},
	Date-Modified = {2015-02-24 09:48:42 +0000},
	Journal = {TUGboat},
	Number = {3},
	Pages = {248-254},
	Title = {How to influence the position of float How to influence the position of float environments like figure and table in \LaTeX?},
	Url = {http://latex-project.org/papers/tb111mitt-float.pdf},
	Volume = {14},
	Year = {2014},
	Bdsk-Url-1 = {http://latex-project.org/papers/tb111mitt-float.pdf}}

@book{float,
	Author = {Anselm Lingnau},
	Date-Added = {2015-01-31 12:05:27 +0000},
	Date-Modified = {2015-01-31 12:05:44 +0000},
	Title = {An Improved Environment for Floats}}

@book{tikz-qtree,
	Author = {David Chiang},
	Date-Added = {2015-01-18 19:27:32 +0000},
	Date-Modified = {2015-01-18 19:28:03 +0000},
	Subtitle = {better trees with TikZ},
	Title = {tikz-qtree}}

@article{Leal2012a,
	Author = {Jerónimo Leal and Gianluca Pignalberi},
	Date-Added = {2015-01-18 19:17:11 +0000},
	Date-Modified = {2015-01-18 19:24:13 +0000},
	Journal = {Ars \TeX{}nica},
	Month = {10},
	Pages = {123-130},
	Title = {Composizione di uno \emph{Stemma codicum} con TikZ},
	Url = {http://www.guitex.org/home/en/numero-14/211-stemma-codicum-con-tikz},
	Volume = {14},
	Year = {2012},
	Bdsk-Url-1 = {http://www.guitex.org/home/en/numero-14/211-stemma-codicum-con-tikz}}

@book{biblatex-realauthor,
	Author = {Maïeul Rouquette},
	Date-Added = {2015-01-18 18:56:53 +0000},
	Date-Modified = {2015-01-18 18:57:03 +0000},
	Title = {Description of real authors with biblatex}}

@book{biblatex-bookinarticle,
	Author = {Maïeul Rouquette},
	Date-Added = {2015-01-18 18:50:53 +0000},
	Date-Modified = {2015-02-05 15:11:54 +0000},
	Title = {Book in @article and book in @incollection with biblatex}}

@book{biblatex-manuscripts-philology,
	Author = {Maïeul Rouquette},
	Date-Added = {2015-01-18 18:46:10 +0000},
	Date-Modified = {2015-01-18 18:53:22 +0000},
	Title = {Manuscripts description for philology with biblatex}}

@inbook{polyglossia_alphabetic_numbering,
	Crossref = {polyglossia},
	Date-Added = {2015-01-14 21:20:11 +0000},
	Date-Modified = {2015-01-14 21:20:32 +0000},
	Title = {Alphabetic numbering in Greek, Arabic, Hebrew, Syriac and Farsi}}

@inbook{biblatex_resources,
	Crossref = {biblatex},
	Date-Added = {2015-01-14 20:50:23 +0000},
	Date-Modified = {2015-01-14 20:52:09 +0000},
	Subtitle = {resources},
	Title = {Bibliography Commands}}

@book{biblatex-source-division,
	Author = {Maïeul Rouquette},
	Date-Added = {2015-01-14 20:34:30 +0000},
	Date-Modified = {2015-01-14 20:34:51 +0000},
	Title = {Source division with biblatex}}

@book{biblatex-true-citepages-omit,
	Author = {Maïeul Rouquette},
	Date-Added = {2015-01-12 17:43:23 +0000},
	Date-Modified = {2015-01-12 17:48:23 +0000},
	Title = {The biblatex-true-citepages-omit package}}

@book{Rouquette2012,
	Address = {Tempere},
	Author = {Maïeul Rouquette},
	Date-Added = {2014-11-03 11:49:33 +0100},
	Date-Modified = {2014-11-03 11:49:33 +0100},
	Entrysubtype = {methodo},
	Publisher = {Atramenta},
	Title = {(Xe)LaTeX appliqué aux sciences humaines},
	Url = {http://www.atramenta.net/books/latex-sciences-humaines/79},
	Year = {2012},
	Bdsk-Url-1 = {http://www.atramenta.net/books/latex-sciences-humaines/79}}

@url{normalisation_unicode,
	Author = {Maïeul Rouquette},
	Date-Added = {2013-05-01 12:16:10 +0000},
	Date-Modified = {2013-05-01 12:17:27 +0000},
	Title = {Normalisation des caractères unicode et typographie},
	Url = {http://geekographie.maieul.net/116},
	Bdsk-Url-1 = {http://geekographie.maieul.net/116}}

@book{Voss2010,
	Address = {Berlin},
	Author = {Herbert Voß},
	Date-Added = {2012-10-05 09:34:12 +0000},
	Date-Modified = {2012-10-05 09:34:48 +0000},
	Keywords = {specifique},
	Publisher = {Lehmanns Media},
	Title = {Tabellen mit LaTeX},
	Year = {2010}}

@book{Voss2009,
	Address = {Berlin},
	Author = {Herbert Voß},
	Date-Added = {2012-10-05 09:29:00 +0000},
	Date-Modified = {2012-10-05 09:31:29 +0000},
	Keywords = {specifique},
	Publisher = {Lehmanns Media},
	Title = {Präsentationen mit LaTeX},
	Year = {2009}}

@book{Voss2012,
	Address = {Berlin},
	Author = {Herbert Voß},
	Date-Added = {2012-10-05 09:27:40 +0000},
	Date-Modified = {2012-10-05 09:31:55 +0000},
	Keywords = {specifique},
	Publisher = {Lehmanns Media},
	Title = {Presentations with LaTeX},
	Year = {2012}}

@book{Voss2011,
	Address = {Berlin},
	Author = {Herbert Voß},
	Date-Added = {2012-10-05 09:22:08 +0000},
	Date-Modified = {2012-10-05 09:26:49 +0000},
	Keywords = {specifique},
	Publisher = {Lehmanns Media},
	Title = {Bibliografien mit LaTeX},
	Year = {2011}}

@book{foreign,
	Author = {Philip Ratcliffe},
	Date-Added = {2012-10-01 13:19:34 +0000},
	Date-Modified = {2012-10-01 13:21:24 +0000},
	Title = {The \textbf{foreign*} package for \LaTeX2e}}

@book{leal2012,
	Address = {Rome},
	Author = {Jerónimo Leal and Gianluca Pignalberi},
	Date-Added = {2012-09-14 17:01:04 +0200},
	Date-Modified = {2012-09-14 17:03:49 +0200},
	Entrysubtype = {specifique},
	Publisher = {Compomat},
	Subtitle = {Guida alla composizione con il proprio computer},
	Title = {Edizioni Critiche},
	Year = {2012}}

@url{trianonymes,
	Author = {Maïeul Rouquette},
	Date-Added = {2012-07-17 11:14:31 +0200},
	Date-Modified = {2012-07-17 11:15:53 +0200},
	Title = {Tri des œuvres anonymes},
	Url = {http://geekographie.maieul.net/92},
	Bdsk-Url-1 = {http://geekographie.maieul.net/92}}

@url{git,
	Author = {Maïeul Rouquette},
	Date-Added = {2012-07-07 13:36:44 +0200},
	Date-Modified = {2012-07-07 13:37:32 +0200},
	Title = {Garder un historique de son travail grâce à Git},
	Url = {http://geekographie.maieul.net/83},
	Bdsk-Url-1 = {http://geekographie.maieul.net/88}}

@book{indextools,
	Author = {Maïeul Rouquette},
	Date-Added = {2012-07-05 17:12:36 +0200},
	Date-Modified = {2015-01-25 15:49:38 +0000},
	Title = {The Package indextools}}

@url{stemma,
	Author = {Maïeul Rouquette},
	Date-Added = {2012-03-17 20:58:30 +0100},
	Date-Modified = {2012-07-27 01:53:29 +0200},
	Title = {Stemma avec TikZ},
	Url = {http://geekographie.maieul.net/88},
	Bdsk-Url-1 = {http://geekographie.maieul.net/88}}

@url{biblio_verif1,
	Author = {Maïeul Rouquette},
	Date-Added = {2011-12-19 11:49:55 +0100},
	Date-Modified = {2011-12-19 11:51:06 +0100},
	Title = {Vérification des filiations avec \emph{biblatex} (1) : vérifier les types},
	Url = {http://geekographie.maieul.net/74},
	Bdsk-Url-1 = {http://geekographie.maieul.net/61}}

@url{biblio_divisionopcit,
	Author = {Maïeul Rouquette},
	Date-Added = {2011-12-02 18:06:34 +0100},
	Date-Modified = {2012-03-05 20:41:11 +0100},
	Title = {Division de sources et abréviations},
	Url = {http://geekographie.maieul.net/86},
	Bdsk-Url-1 = {http://geekographie.maieul.net/61}}

@url{indexhypergras,
	Author = {Maïeul Rouquette},
	Date-Added = {2011-11-10 00:36:24 +0100},
	Date-Modified = {2011-11-10 00:36:24 +0100},
	Title = {Pages en gras avec un lien hypertexte dans un index},
	Url = {http://geekographie.maieul.net/59},
	Bdsk-Url-1 = {http://geekographie.maieul.net/61}}

@url{biblio_sanssousentrees,
	Author = {Maïeul Rouquette},
	Date-Added = {2011-11-06 15:08:44 +0100},
	Date-Modified = {2011-11-06 15:08:44 +0100},
	Title = {Ne pas afficher les sous-entrées bibliographiques},
	Url = {http://geekographie.maieul.net/60},
	Bdsk-Url-1 = {http://geekographie.maieul.net/61}}

@book{eepic,
	Author = {Conrad Kwok},
	Date-Added = {2011-10-12 20:24:35 +0200},
	Date-Modified = {2011-10-12 20:24:48 +0200},
	Title = {EEPIC Extensions to epic and LATEX Picture Environment Version 1.1}}

@book{spreadtab,
	Author = {Christian Tellechea},
	Date-Added = {2011-10-08 13:10:09 +0200},
	Date-Modified = {2011-10-08 13:10:35 +0200},
	Title = {spreadtab}}

@book{tabbing,
	Author = {Jean-Pierre Drucbert},
	Date-Added = {2011-10-08 13:02:39 +0200},
	Date-Modified = {2011-10-08 13:03:02 +0200},
	Title = {The Tabbing package}}

@book{poemscol,
	Author = {John Burt},
	Date-Added = {2011-10-07 20:25:22 +0200},
	Date-Modified = {2011-10-07 20:25:51 +0200},
	Title = {Typesetting Poetry Collections with poemscol}}

@book{verse,
	Author = {Peter Wilson and Herries Press and Will Robertson},
	Date-Added = {2011-10-07 20:23:21 +0200},
	Date-Modified = {2011-10-07 20:24:03 +0200},
	Title = {Typesetting simple verse with LaTeX}}

@book{reledmac,
	Author = {Maïeul Rouquette},
	Date-Added = {2011-10-03 16:51:00 +0200},
	Date-Modified = {2011-10-03 16:51:39 +0200},
	Title = {reledmac}}

@book{reledpar,
	Author = {Peter Wilson and Herries Press and Maïeul Rouquette},
	Date-Added = {2011-10-03 16:50:17 +0200},
	Date-Modified = {2011-10-03 16:50:55 +0200},
	Title = {Parallel typesetting for critical editions: the reledpar package}}

@book{ifthen,
	Author = {David Carlisle},
	Date-Added = {2011-10-03 09:27:52 +0200},
	Date-Modified = {2011-10-06 12:46:41 +0200},
	Title = {The ifthen package}}

@book{xargs,
	Author = {Manuel Pégourié-Gonnard},
	Date-Added = {2011-10-03 09:26:45 +0200},
	Date-Modified = {2011-10-03 09:27:31 +0200},
	Title = {L’extension xargs}}

@book{endfloat,
	Author = {McCauley, James Darrell and Jeff Goldberg},
	Date-Added = {2011-09-21 13:09:00 +0200},
	Date-Modified = {2011-09-24 22:16:38 +0200},
	Title = {The endfloat package}}

@inbook{canons,
	Address = {Gen\`eve},
	Author = {Albert de Pury},
	Booktitle = {Introduction \`a l'Ancien Testament},
	Date-Added = {2011-09-20 20:16:30 +0200},
	Date-Modified = {2011-09-20 20:16:30 +0200},
	Editor = {Thomas R\"omer and Jean-Daniel Macchi and Christophe Nihan},
	Pages = {18-21},
	Publisher = {Labor et Fides},
	Title = {Le canon de l'Ancien Testament},
	Year = {2005}}

@inbook{erreurscompilo,
	Addendum = {l'éditeur met gracieusement ce chapitre à disposition},
	Crossref = {latex_companion},
	Date-Added = {2011-09-20 19:56:10 +0200},
	Date-Modified = {2011-09-20 20:06:03 +0200},
	Keywords = {specifique},
	Title = {Détecter et résoudre les problèmes}}

@book{progit,
	Author = {Scott Chacon},
	Date-Added = {2011-09-20 19:45:07 +0200},
	Date-Modified = {2011-09-20 19:47:23 +0200},
	Subtitle = {professional version control},
	Title = {Pro Git},
	Url = {http://progit.org/book/fr/},
	Bdsk-Url-1 = {http://progit.org/book/fr/}}

@book{geometry,
	Author = {Hideo Umeki},
	Date-Added = {2011-09-19 18:05:24 +0200},
	Date-Modified = {2011-09-24 22:16:33 +0200},
	Title = {The geometry package}}

@url{oeuvresanonymes,
	Author = {Maïeul Rouquette},
	Date-Added = {2011-09-18 14:40:19 +0200},
	Date-Modified = {2011-11-10 00:37:30 +0100},
	Title = {Gestions des sources anonymes avec \emph{biblatex}},
	Url = {http://geekographie.maieul.net/66},
	Bdsk-Url-1 = {http://geekographie.maieul.net/61}}

@inbook{biblatex_fichiers,
	Crossref = {biblatex},
	Date-Added = {2011-09-17 20:27:07 +0200},
	Date-Modified = {2011-09-17 20:27:13 +0200},
	Title = {Author Guide}}

@url{biblio_pagination,
	Author = {Maïeul Rouquette},
	Date-Added = {2011-09-17 11:56:18 +0200},
	Date-Modified = {2011-12-02 18:07:05 +0100},
	Title = {Un nouveau type de pagination},
	Url = {http://geekographie.maieul.net/69},
	Bdsk-Url-1 = {http://geekographie.maieul.net/61}}

@url{biblio_commentee,
	Author = {Maïeul Rouquette},
	Date-Added = {2011-09-12 21:59:57 +0200},
	Date-Modified = {2011-09-24 21:56:47 +0200},
	Title = {Une bibliographie commentée},
	Url = {http://geekographie.maieul.net/61},
	Bdsk-Url-1 = {http://geekographie.maieul.net/61}}

@book{subcaption,
	Author = {Axel Sommerfeldt},
	Date-Added = {2011-09-12 17:52:35 +0200},
	Date-Modified = {2011-09-24 22:16:25 +0200},
	Title = {The subcaption package}}

@book{placeins,
	Author = {Donald Arseneau},
	Date-Added = {2011-09-12 17:49:51 +0200},
	Date-Modified = {2011-09-24 22:16:30 +0200},
	Title = {The placeins package}}

@book{rotfloat,
	Author = {Axel Sommerfeldt},
	Date-Added = {2011-09-12 17:47:07 +0200},
	Date-Modified = {2011-09-24 22:16:27 +0200},
	Title = {The rotfloat package}}

@book{enfloat,
	Author = {James Darrell McCauley and Jeff Goldberg},
	Date-Added = {2011-09-12 17:46:02 +0200},
	Date-Modified = {2011-09-24 22:16:35 +0200},
	Title = {The endfloat package}}

@book{dpfloat,
	Author = {Jim Fox},
	Date-Added = {2011-09-12 17:45:26 +0200},
	Date-Modified = {2011-09-24 22:16:40 +0200},
	Subtitle = {Formatting double-page floats in LATEX},
	Title = {The dpfloat package}}

@book{ccaption,
	Author = {Peter Wilson and Herries Press and Will Robertson},
	Date-Added = {2011-09-12 17:44:14 +0200},
	Date-Modified = {2011-09-24 22:16:48 +0200},
	Title = {The ccaption package}}

@book{caption,
	Author = {Axel Sommerfeldt},
	Date-Added = {2011-09-12 17:43:22 +0200},
	Date-Modified = {2011-09-24 22:16:57 +0200},
	Title = {Customizing captions of floating environments using the caption package}}

@book{datatool,
	Author = {Nicola Talbot},
	Date-Added = {2011-09-12 17:32:43 +0200},
	Date-Modified = {2011-09-24 22:37:46 +0200},
	Title = {datatool v 2.03: Databases and data manipulation}}

@inbook{csvtools_pie,
	Crossref = {csvtools},
	Date-Added = {2011-09-12 17:30:11 +0200},
	Date-Modified = {2011-09-12 17:30:46 +0200},
	Title = {Pie Charts (csvpie.sty)}}

@book{csvtools,
	Author = {Nicola Talbot},
	Date-Added = {2011-09-12 17:28:03 +0200},
	Date-Modified = {2011-09-24 22:16:59 +0200},
	Title = {csvtools v1.24 : A LATEX 2ε Package Providing Access to Data Saved in a CSV File}}

@book{multirow,
	Author = {Piet van Oostrum and Øystein Bache and Jerry Leichter},
	Date-Added = {2011-09-12 17:06:44 +0200},
	Date-Modified = {2011-09-12 17:07:25 +0200},
	Title = {The multirow, bigstrut and bigdelim packages}}

@book{array,
	Author = {Frank Mittelbach and David Carlisle},
	Date-Added = {2011-09-12 16:59:36 +0200},
	Date-Modified = {2011-09-12 17:00:03 +0200},
	Title = {A new implementation of LATEX’s tabular and array environment∗}}

@inbook{array_colonnes,
	Crossref = {array},
	Date-Added = {2011-09-12 16:58:15 +0200},
	Date-Modified = {2011-09-12 16:59:30 +0200},
	Title = {Defining your own column specifiers}}

@book{tikz,
	Author = {Till Tantau},
	Date-Added = {2011-09-12 16:41:09 +0200},
	Date-Modified = {2011-09-24 22:53:58 +0200},
	Subtitle = {Manual for Version 2.0},
	Title = {Tikz \& PGF}}

@inbook{graphicx_options,
	Crossref = {graphicx},
	Date-Added = {2011-09-12 16:25:08 +0200},
	Date-Modified = {2011-10-08 12:26:47 +0200},
	Title = {Including Graphics Files}}

@book{graphicx,
	Author = {David Carlisle},
	Date-Added = {2011-09-12 16:24:20 +0200},
	Date-Modified = {2011-09-24 22:47:41 +0200},
	Title = {Packages in the ‘graphics’ bundle}}

@inbook{polyglossia_options,
	Crossref = {polyglossia},
	Date-Added = {2011-09-12 08:57:46 +0200},
	Date-Modified = {2011-09-12 08:58:13 +0200},
	Title = {Language-specific options and commands}}

@inbook{csquotes_ellipses,
	Crossref = {csquotes},
	Date-Added = {2011-09-11 21:46:21 +0200},
	Date-Modified = {2011-09-11 21:46:48 +0200},
	Title = {Configuring Ellipses}}

@book{csquotes,
	Author = {Philipp Lehman},
	Date-Added = {2011-09-11 21:13:18 +0200},
	Date-Modified = {2011-09-24 22:16:44 +0200},
	Subtitle = {Context Sensitive Quotation Facilities},
	Title = {The csquotes Package}}

@inbook{frama_index,
	Crossref = {frama},
	Date-Added = {2011-08-25 14:32:24 +0200},
	Date-Modified = {2011-08-25 14:32:24 +0200},
	Pages = {168-170},
	Title = {Allure de l’index}}

@inbook{fontspec_nouvellefamille,
	Crossref = {fontspec},
	Date-Added = {2011-08-24 15:59:49 +0200},
	Date-Modified = {2011-08-24 16:00:40 +0200},
	Title = {New commands to select font families}}

@inbook{fontspec_optionspolices,
	Crossref = {fontspec},
	Date-Added = {2011-08-24 15:57:32 +0200},
	Date-Modified = {2011-08-24 15:59:36 +0200},
	Title = {Font independent options}}

@book{fontspec,
	Author = {Will Robertson and Khaled Hosny},
	Date-Added = {2011-08-24 15:56:33 +0200},
	Date-Modified = {2011-10-09 19:55:11 +0200},
	Title = {The fontspec package}}

@url{bredele,
	Author = {Christophe Masutti},
	Date-Added = {2011-08-24 15:55:29 +0200},
	Date-Modified = {2011-08-24 15:56:07 +0200},
	Subtitle = {Un modèle pour une thèse en LaTeX},
	Title = {Bredele},
	Url = {http://linuxetleschoses.tuxfamily.org/Logiciels/bredele.php},
	Bdsk-Url-1 = {http://linuxetleschoses.tuxfamily.org/Logiciels/bredele.php}}

@url{gutemberg,
	Date-Added = {2011-08-23 13:43:38 +0200},
	Date-Modified = {2011-08-23 13:44:04 +0200},
	Subtitle = {Groupe francophone des Utilisateurs de TEX, LATEX et logiciels compagnons},
	Title = {Gutemberg},
	Url = {http://www.gutenberg.eu.org/},
	Bdsk-Url-1 = {http://www.gutenberg.eu.org/}}

@url{texample,
	Date-Added = {2011-08-23 13:43:01 +0200},
	Date-Modified = {2011-08-23 13:43:29 +0200},
	Keywords = {site},
	Title = {TeXample.net},
	Url = {http://www.texample.net/},
	Bdsk-Url-1 = {http://www.texample.net/}}

@book{latex_graphic_companion,
	Address = {Boston},
	Author = {Franck Mittelbach and Michel Goossens},
	Date-Added = {2011-08-23 13:36:25 +0200},
	Date-Modified = {2011-09-24 22:18:27 +0200},
	Keywords = {specifique},
	Publisher = {Addison Wesley},
	Title = {The LaTeX Graphics Companion},
	Year = {2007}}

@book{latex_companion,
	Address = {Paris},
	Author = {Franck Mittelbach and Michel Goossens},
	Date-Added = {2011-08-23 13:31:05 +0200},
	Date-Modified = {2011-09-24 22:18:18 +0200},
	Edition = {2},
	Keywords = {generaliste},
	Publisher = {Pearson},
	Title = {LaTeX Companion},
	Url = {http://www.pearson.fr/livre/?GCOI=27440100048330},
	Year = {2006},
	Bdsk-Url-1 = {http://www.pearson.fr/livre/?GCOI=27440100048330}}

@inbook{frama_boites,
	Crossref = {frama},
	Date-Added = {2011-08-23 12:15:25 +0200},
	Date-Modified = {2011-08-25 14:33:12 +0200},
	Pages = {73-82},
	Title = {Boîtes}}

@book{frama,
	Author = {Vincent Lozano},
	Date-Added = {2011-08-23 12:13:38 +0200},
	Date-Modified = {2011-09-24 22:18:23 +0200},
	Keywords = {generaliste},
	Publisher = {In Libro Veritas},
	Title = {Tout ce que vous avez toujours voulu savoir sur LaTeX sans jamais oser le demander},
	Url = {http://www.framabook.org/latex.html},
	Year = {2008},
	Bdsk-Url-1 = {http://www.framabook.org/latex.html}}

@url{python_windows,
	Date-Added = {2011-07-14 14:43:05 +0200},
	Date-Modified = {2011-09-24 22:21:27 +0200},
	Title = {Python for windows},
	Url = {http://www.python.org/download/windows/},
	Bdsk-Url-1 = {http://www.python.org/download/windows/}}

@inbook{biblatex_formats,
	Crossref = {biblatex},
	Date-Added = {2011-07-14 14:41:04 +0200},
	Date-Modified = {2011-07-14 14:42:27 +0200},
	Title = {Formatting Directives}}

@inbook{minitoc_typesetting,
	Crossref = {minitoc},
	Date-Added = {2011-07-14 11:52:05 +0200},
	Date-Modified = {2011-07-14 13:59:10 +0200},
	Title = {Typesetting of the mini-tables}}

@book{minitoc,
	Author = {Jean-Pierre Drucbert},
	Date-Added = {2011-07-14 11:50:59 +0200},
	Date-Modified = {2011-09-24 22:18:47 +0200},
	Title = {The minitoc package}}

@inbook{bibleref-styles,
	Crossref = {bibleref},
	Date-Added = {2011-07-12 16:00:01 +0200},
	Date-Modified = {2011-07-12 16:00:56 +0200},
	Title = {Defining New Styles}}

@inbook{bibleref_nouveauxlivres,
	Crossref = {bibleref},
	Date-Added = {2011-07-12 15:58:16 +0200},
	Date-Modified = {2011-07-12 15:59:37 +0200},
	Title = {addbiblebook}}

@book{bibleref,
	Author = {Nicola Talbot},
	Date-Added = {2011-07-12 15:56:10 +0200},
	Date-Modified = {2011-09-24 22:19:43 +0200},
	Subtitle = {a LATEX2e package for typesetting bible references},
	Title = {bibleref.sty v1.14}}

@url{bebert_tableaux,
	Author = {Bertrand Masson},
	Date-Added = {2011-06-28 17:44:10 +0200},
	Date-Modified = {2011-09-24 22:21:05 +0200},
	Subtitle = {Tableau},
	Title = {Les fiches de Bébert},
	Url = {http://bertrandmasson.free.fr/index.php?categorie4/latex-tableau},
	Bdsk-Url-1 = {http://bertrandmasson.free.fr/index.php?categorie4/latex-tableau}}

@book{latexmk,
	Author = {John Collins},
	Date-Added = {2011-06-28 17:26:05 +0200},
	Date-Modified = {2012-07-14 02:11:28 +0200},
	Title = {Latexmk},
	Bdsk-Url-1 = {http://www.unixgarden.com/index.php/bureautique/makefiles-et-latex-moins-de-compilations-c%E2%80%99est-moins-de-complications}}

@inbook{biblatex_custom_fields,
	Crossref = {biblatex},
	Date-Added = {2011-06-28 16:58:13 +0200},
	Date-Modified = {2011-06-28 16:58:28 +0200},
	Title = {Custom Fields}}

@url{codecouleur,
	Date-Added = {2011-06-23 18:18:38 +0200},
	Date-Modified = {2011-09-24 22:21:19 +0200},
	Title = {Code Couleur},
	Url = {http://www.code-couleur.com/},
	Bdsk-Url-1 = {http://www.code-couleur.com/}}

@book{xcolor_jeu,
	Crossref = {xcolor},
	Date-Added = {2011-06-23 18:15:53 +0200},
	Date-Modified = {2011-09-24 22:19:56 +0200},
	Title = {Colors by Name}}

@book{xcolor_methode,
	Crossref = {xcolor},
	Date-Added = {2011-06-23 18:15:04 +0200},
	Date-Modified = {2011-09-24 22:19:59 +0200},
	Title = {Color models}}

@book{xcolor,
	Author = {Uwe Kern},
	Date-Added = {2011-06-23 18:11:34 +0200},
	Date-Modified = {2011-09-24 22:19:53 +0200},
	Subtitle = {the xcolor package},
	Title = {Extending LATEX’s color facilities}}

@url{clavierENS,
	Author = {{École Normale Supérieure}, {Département des sciences de l'antiquité}},
	Date-Added = {2011-06-23 17:39:07 +0200},
	Date-Modified = {2011-09-24 22:17:44 +0200},
	Title = {Pilotes de clavier Unicode},
	Url = {http://www.antiquite.ens.fr/ressources/outils-logiciels/article/pilotes-de-clavier-unicode},
	Bdsk-Url-1 = {http://www.antiquite.ens.fr/ressources/outils-logiciels/article/pilotes-de-clavier-unicode}}

@url{creer_sty,
	Date-Added = {2011-06-23 17:34:32 +0200},
	Date-Modified = {2011-09-24 22:21:10 +0200},
	Subtitle = {Créer une extension ou une classe},
	Title = {LaTeX},
	Url = {http://fr.wikibooks.org/wiki/LaTeX/Créer_une_extension_ou_une_classe},
	Bdsk-Url-1 = {http://fr.wikibooks.org/wiki/LaTeX/Cr%C3%A9er_une_extension_ou_une_classe}}

@url{clavierLanglois,
	Author = {Michael Langlois},
	Date-Added = {2011-06-23 17:30:07 +0200},
	Date-Modified = {2011-09-24 22:17:40 +0200},
	Title = {Archives pour la catégorie \enquote{Informatique}},
	Url = {http://michaellanglois.org/category/it/lang/fr},
	Bdsk-Url-1 = {http://michaellanglois.org/category/it/lang/fr}}

@book{polyglossia,
	Author = {François Charette},
	Date-Added = {2011-06-23 17:24:56 +0200},
	Date-Modified = {2011-09-24 22:19:19 +0200},
	Subtitle = {A Babel Replacement for XeLaTeX},
	Title = {Polyglossia}}

@url{structurevsforme,
	Date-Added = {2011-06-23 17:10:30 +0200},
	Date-Modified = {2011-09-24 22:20:52 +0200},
	Url = {http://geekographie.maieul.net/De-traitement-de-texte-a-Latex#forum20},
	Bdsk-Url-1 = {http://geekographie.maieul.net/De-traitement-de-texte-a-Latex#forum20}}

@url{stupide,
	Author = {Alain Cottrell},
	Date-Added = {2011-06-23 16:56:08 +0200},
	Date-Modified = {2011-09-24 22:20:55 +0200},
	Subtitle = {Stupides et Inefficaces},
	Title = {Traitements de Texte},
	Url = {http://ricardo.ecn.wfu.edu/~cottrell/wp/wp-fr.pdf},
	Bdsk-Url-1 = {http://ricardo.ecn.wfu.edu/~cottrell/wp/wp-fr.pdf}}

@url{bebert_liste,
	Author = {Bertrand Masson},
	Date-Added = {2011-06-22 02:51:53 +0200},
	Date-Modified = {2011-09-24 22:21:03 +0200},
	Subtitle = {dompter ses puces},
	Title = {Les fiches de Bébert},
	Url = {http://bertrandmasson.free.fr/index.php?article5/dompter-ses-puces},
	Bdsk-Url-1 = {http://bertrandmasson.free.fr/index.php?categorie4/latex-tableau}}

@inbook{beamer_diapo_article,
	Crossref = {beamer},
	Date-Added = {2011-06-20 15:13:16 +0200},
	Date-Modified = {2011-06-20 15:13:33 +0200},
	Title = {Including Slides from the Presentation Version in the Article Version}}

@inbook{beamer_trans,
	Crossref = {beamer},
	Date-Added = {2011-06-20 14:55:51 +0200},
	Date-Modified = {2011-06-20 14:55:51 +0200},
	Title = {Creating Transparencies}}

@inbook{beamer_2ecrans,
	Crossref = {beamer},
	Date-Added = {2011-06-20 14:43:06 +0200},
	Date-Modified = {2011-06-20 14:57:30 +0200},
	Title = {Taking Advantage of Multiple Screens}}

@inbook{beamer_overlays,
	Crossref = {beamer},
	Date-Added = {2011-06-20 14:34:47 +0200},
	Date-Modified = {2011-06-20 14:34:55 +0200},
	Title = {Dynamically Changing Text or Images}}

@inbook{beamer_box,
	Crossref = {beamer},
	Date-Added = {2011-06-20 13:29:37 +0200},
	Date-Modified = {2011-06-20 13:29:37 +0200},
	Title = {Framed and Boxed Text}}

@inbook{beamer_theorems,
	Crossref = {beamer},
	Date-Added = {2011-06-20 13:14:07 +0200},
	Date-Modified = {2011-06-20 13:29:46 +0200},
	Title = {Theorem Environments}}

@book{intro_beamer,
	Author = {Collilieux, Marie-Claude},
	Date-Added = {2011-06-20 12:45:06 +0200},
	Date-Modified = {2011-09-24 22:49:56 +0200},
	Inbook = {manuel},
	Keywords = {specifique},
	Title = {Découverte de Beamer},
	Url = {http://mcclinews.free.fr/latex/introbeamer.php},
	Year = {2007},
	Bdsk-Url-1 = {http://mcclinews.free.fr/latex/introbeamer.php}}

@inbook{beamer_diable,
	Crossref = {beamer},
	Date-Added = {2011-06-20 12:17:23 +0200},
	Date-Modified = {2011-06-20 12:17:44 +0200}}

@inbook{beamer_theme,
	Crossref = {beamer},
	Date-Added = {2011-06-20 11:57:47 +0200},
	Date-Modified = {2011-06-20 12:19:09 +0200},
	Title = {Themes}}

@book{beamer,
	Author = {Till Tantau and Joseph Wright and Vedran Miletic},
	Date-Added = {2011-06-20 11:56:48 +0200},
	Date-Modified = {2011-09-24 22:18:54 +0200},
	Title = {The beamer class}}

@book{tikzimpatient,
	Author = {Gérard Tisseau and Jacques Duma},
	Date-Added = {2011-06-08 16:49:40 +0200},
	Date-Modified = {2011-09-24 22:19:50 +0200},
	Keywords = {specifique},
	Title = {Ti\emph{k}Z pour l'impatient},
	Url = {http://math.et.info.free.fr/TikZ/},
	Bdsk-Url-1 = {http://math.et.info.free.fr/TikZ/}}

@url{tikzexample,
	Date-Added = {2011-06-08 16:46:09 +0200},
	Date-Modified = {2011-09-24 22:17:53 +0200},
	Keywords = {site},
	Subtitle = {TikZ and PGF},
	Title = {TeXample.net},
	Url = {http://www.texample.net/tikz/},
	Bdsk-Url-1 = {http://www.texample.net/tikz/}}

@url{faq,
	Author = {Grappa},
	Date-Added = {2011-06-08 01:15:08 +0200},
	Date-Modified = {2011-09-24 22:18:00 +0200},
	Title = {FAQ LaTeX},
	Url = {http://www.grappa.univ-lille3.fr/FAQ-LaTeX/},
	Bdsk-Url-1 = {http://www.grappa.univ-lille3.fr/FAQ-LaTeX/}}

@url{geekographie,
	Author = {Maïeul Rouquette},
	Date-Added = {2011-06-08 01:11:24 +0200},
	Date-Modified = {2011-11-10 00:23:59 +0100},
	Keywords = {site},
	Subtitle = {LaTeX},
	Title = {Geekographie Maïeulesque},
	Url = {http://geekographie.maieul.net/-LaTeX-},
	Bdsk-Url-1 = {http://geekographie.maieul.net/?rubrique2}}

@url{biber_logiciels,
	Author = {Maïeul Rouquette},
	Date-Added = {2011-06-08 01:08:13 +0200},
	Date-Modified = {2012-07-28 19:27:37 +0200},
	Title = {Biber dans des éditeurs LaTeX},
	Url = {http://geekographie.maieul.net/51},
	Bdsk-Url-1 = {http://geekographie.maieul.net/?article51}}

@inbook{biblatex_formating,
	Crossref = {biblatex},
	Date-Added = {2011-06-07 22:54:21 +0200},
	Date-Modified = {2011-06-07 22:54:30 +0200},
	Title = {Formatting Directives}}

@inbook{biblatex_editortype,
	Crossref = {biblatex},
	Date-Added = {2011-06-07 22:05:19 +0200},
	Date-Modified = {2011-06-07 22:05:19 +0200},
	Title = {Editorial Roles}}

@url{bebert,
	Author = {Bertrand Masson},
	Date-Added = {2011-06-07 22:03:29 +0200},
	Date-Modified = {2011-09-24 22:17:55 +0200},
	Keywords = {site},
	Subtitle = {pour une véritable Publication Assistée par Ordinateur},
	Title = {Les fiches de Bébert},
	Url = {http://bertrandmasson.free.fr/},
	Bdsk-Url-1 = {http://bertrandmasson.free.fr/}}

@inbook{biblatex_section,
	Crossref = {biblatex},
	Date-Added = {2011-06-07 21:50:09 +0200},
	Date-Modified = {2011-06-07 21:50:18 +0200},
	Title = {Bibliography Sections}}

@inbook{biblatex_options,
	Crossref = {biblatex},
	Date-Added = {2011-06-07 21:06:14 +0200},
	Date-Modified = {2011-06-07 21:06:43 +0200},
	Title = {Package Options}}

@inbook{biblatex_isbn,
	Crossref = {biblatex},
	Date-Added = {2011-06-07 20:50:19 +0200},
	Date-Modified = {2011-06-07 20:50:56 +0200},
	Title = {Style specific}}

@inbook{biblatex_triperso,
	Crossref = {biblatex},
	Date-Added = {2011-06-07 20:49:50 +0200},
	Date-Modified = {2011-06-07 20:49:50 +0200},
	Title = {Sorting}}

@inbook{biblatex_crossrefsetup,
	Crossref = {biblatex},
	Date-Added = {2011-06-07 20:46:46 +0200},
	Date-Modified = {2011-06-07 22:05:43 +0200},
	Title = {Default crossref Setup}}

@inbook{biblatex_tri,
	Crossref = {biblatex},
	Date-Added = {2011-06-07 17:15:07 +0200},
	Date-Modified = {2011-06-07 17:15:07 +0200},
	Title = {Default Sorting Schemes}}

@inbook{biblatex_ponctuation,
	Crossref = {biblatex},
	Date-Added = {2011-06-07 17:14:23 +0200},
	Date-Modified = {2011-06-07 17:14:23 +0200},
	Title = {Punctuation and Spacing}}

@inbook{biblatex_segment,
	Crossref = {biblatex},
	Date-Added = {2011-06-07 17:12:36 +0200},
	Date-Modified = {2011-06-07 23:55:04 +0200},
	Title = {Bibliography Segments}}

@inbook{biblatex_pages,
	Crossref = {biblatex},
	Date-Added = {2011-06-07 17:09:29 +0200},
	Date-Modified = {2011-06-07 17:09:29 +0200},
	Title = {Page Numbers in Citations}}

@inbook{biblatex_champs,
	Crossref = {biblatex},
	Date-Added = {2011-06-04 23:35:32 +0200},
	Date-Modified = {2011-06-07 20:52:51 +0200},
	Title = {Entry Fields}}

@inbook{biblatex_hooks,
	Crossref = {biblatex},
	Date-Added = {2011-06-04 23:30:35 +0200},
	Date-Modified = {2011-06-05 11:50:59 +0200},
	Title = {Generic Commands and Hooks}}

@inbook{biblatex_style,
	Crossref = {biblatex},
	Date-Added = {2011-06-03 16:47:55 +0200},
	Date-Modified = {2011-06-03 16:47:55 +0200},
	Title = {Citation Styles}}

@inbook{biblatex_bibliographycommands,
	Crossref = {biblatex},
	Date-Added = {2011-06-03 16:22:34 +0200},
	Date-Modified = {2011-06-07 17:12:53 +0200},
	Title = {Bibliography Commands}}

@book{biblatex,
	Author = {Philipp Lehman},
	Date-Added = {2011-06-03 16:21:49 +0200},
	Date-Modified = {2011-09-24 22:19:04 +0200},
	Title = {The biblatex Package}}

@book{lateximpatient,
	Author = {Chevalier, Céline dir.},
	Keywords = {generaliste},
	Publisher = {H\&K},
	Title = {\LaTeX pour l'impatient},
	Url = {http://www.h-k.fr/liens/tp/latex_pour_l_impatient.html},
	Year = {2009},
	Bdsk-Url-1 = {http://www.h-k.fr/liens/tp/latex_pour_l_impatient.html}}
