@book{desnos,
    Author = {Robert Desnos},
    Pagination = {verse},
    Pages = {1-3},
    Title = {La fourmi}}
